
@software{barrusPyspellcheckerPurePython,
  title = {Pyspellchecker~: {{Pure}} Python Spell Checker Based on Work by {{Peter Norvig}}},
  shorttitle = {Pyspellchecker},
  author = {Barrus, Tyler},
  url = {https://github.com/barrust/pyspellchecker},
  urldate = {2022-04-19},
  version = {0.6.3},
  keywords = {autres-ressources}
}

@inproceedings{baudryArchivesInquisitorialesPortugal2022,
  title = {{{Les archives inquisitoriales (Portugal) sous HTR : le projet TraPrInq (Transcribing the court records of the Portuguese Inquisition, 1536-1821)}}},
  booktitle = {Documents Anciens et {{HTR}}},
  author = {Baudry, Hervé},
  date = {2022-06-23},
  location = {{Paris, École nationale des chartes}}
}

@software{biayBuildBodyPy2022,
  title = {{{build\_body.py}}},
  author = {Biay, Sébastien},
  date = {2022-07-22T12:49:25Z},
  origdate = {2022-04-06T07:34:37Z},
  url = {https://github.com/sbiay/CdS-edition/blob/main/transformation-alto-tei/py/build_body.py},
  keywords = {ressources-projet}
}

@software{biayCdsFonctionsPy2022,
  title = {{{cdsFonctions.py}}},
  author = {Biay, Sébastien},
  date = {2022-07-22T12:49:25Z},
  origdate = {2022-04-06T07:34:37Z},
  url = {https://github.com/sbiay/CdS-edition/blob/main/transformation-alto-tei/py/cdsFonctions.py},
  urldate = {2022-07-27},
  keywords = {ressources-projet}
}

@software{biayDictGenerateurPy2022,
  title = {{{dictGenerateur.py}}},
  author = {Biay, Sébastien},
  date = {2022-05-20T08:19:24Z},
  origdate = {2022-04-06T07:34:37Z},
  url = {https://github.com/sbiay/CdS-edition/blob/main/htr/py/dictGenerateur.py},
  keywords = {ressources-projet}
}

@software{biayDistributionFichiersPy2022,
  title = {{{distributionFichiers.py}}},
  author = {Biay, Sébastien},
  date = {2022-07-04T14:49:36Z},
  origdate = {2022-04-06T07:34:37Z},
  url = {https://github.com/sbiay/CdS-edition/blob/main/transformation-alto-tei/py/distributionFichiers.py},
  keywords = {ressources-projet}
}

@software{biayDonneesImagesPy2022,
  title = {{{donneesImages.py}}},
  author = {Biay, Sébastien},
  date = {2022-04-06T07:35:10Z},
  origdate = {2022-04-06T07:34:37Z},
  url = {https://github.com/sbiay/CdS-edition/blob/main/htr/py/donneesImages.py},
  keywords = {ressources-projet}
}

@software{biayDonneesNonPublieesPy2022,
  title = {{{donneesNonPubliees.py}}},
  author = {Biay, Sébastien},
  date = {2022-05-20T08:19:24Z},
  origdate = {2022-04-06T07:34:37Z},
  url = {https://github.com/sbiay/CdS-edition/blob/main/htr/py/donneesNonPubliees.py},
  keywords = {ressources-projet}
}

@online{biayEditerCorrespondanceConstance2022a,
  type = {Billet},
  title = {Éditer la correspondance de Constance de Salm (1767-1845) : une chaîne de traitement expérimentale},
  shorttitle = {Éditer la correspondance de Constance de Salm},
  author = {Biay, Sébastien},
  date = {2022-08-02},
  url = {https://dhiha.hypotheses.org/2945},
  urldate = {2022-08-02},
  abstract = {La correspondance de Constance de Salm est un vaste corpus (11\hspace{0.166em}000 pièces environ) constitué de documents de nature hétérogène (originaux, brouillons, copie), en feuilles libres ou en recueils, copiés de surcroît par de multiples...},
  langid = {french},
  organization = {{Digital Humanities à l'Institut historique allemand}},
  keywords = {valorisation}
}

@software{biayFinaliserEncodageLettre2022,
  title = {{{Finaliser l'encodage d'une lettre}}},
  author = {Biay, Sébastien},
  date = {2022-07-26},
  origdate = {2022-04-06T07:34:37Z},
  series = {Éditer La Correspondance de {{Constance}} de {{Salm}} (1767-1845)},
  url = {https://github.com/sbiay/CdS-edition/blob/main/transformation-alto-tei/Finaliser_encodage.ipynb},
  urldate = {2022-07-26},
  keywords = {ressources-projet}
}

@software{biayInjectTranscriptPy2022a,
  title = {{{injectTranscript.py}}},
  author = {Biay, Sébastien},
  date = {2022-05-20T08:19:24Z},
  origdate = {2022-04-06T07:34:37Z},
  url = {https://github.com/sbiay/CdS-edition/blob/main/htr/py/injectTranscript.py},
  keywords = {ressources-projet}
}

@inproceedings{biayIntelligenceArtificelleIHA2022,
  title = {{{L'intelligence artificelle à l'IHA}}},
  booktitle = {Hausinfo},
  author = {Biay, Sébastien and Spychala, Pauline},
  date = {2022-06-07},
  location = {{Paris, IHA}},
  keywords = {valorisation}
}

@software{biayJournalReconnPy2022,
  title = {{{journalReconn.py}}},
  author = {Biay, Sébastien},
  date = {2022-05-20T08:19:24Z},
  origdate = {2022-04-06T07:34:37Z},
  url = {https://github.com/sbiay/CdS-edition/blob/main/htr/py/journalReconn.py},
  keywords = {ressources-projet}
}

@online{biayMains2022,
  title = {Mains},
  author = {Biay, Sébastien},
  date = {2022-06-10},
  url = {https://github.com/sbiay/CdS-edition/tree/main/htr/mains},
  langid = {english},
  keywords = {ressources-projet}
}

@software{biayPreparerTraitementDossier2022,
  title = {{{Préparer le traitement d'un dossier}}},
  author = {Biay, Sébastien},
  date = {2022-05-20T08:19:24Z},
  origdate = {2022-04-06T07:34:37Z},
  series = {Éditer La Correspondance de {{Constance}} de {{Salm}} (1767-1845)},
  url = {https://github.com/sbiay/CdS-edition/blob/main/htr/Preparer_le_traitement_dune_source.ipynb},
  keywords = {ressources-projet}
}

@software{biaySpellcheckTextsPy2022,
  title = {{{spellcheckTexts.py}}},
  author = {Biay, Sébastien and Chiffoleau, Floriane},
  date = {2022-04-06T07:35:10Z},
  origdate = {2022-04-06T07:34:37Z},
  url = {https://github.com/sbiay/CdS-edition/blob/main/htr/py/spellcheckTexts.py},
  keywords = {ressources-projet}
}

@software{biaySupprLignesVidesPy2022,
  title = {{{supprLignesVides.py}}},
  author = {Biay, Sébastien},
  date = {2022-05-20T08:19:24Z},
  origdate = {2022-04-06T07:34:37Z},
  url = {https://github.com/sbiay/CdS-edition/blob/main/htr/py/supprLignesVides.py},
  keywords = {ressources-projet}
}

@software{biayTesterEntrainerModele2022,
  title = {{{Tester et entraîner un modèle de reconnaissance d'écriture}}},
  author = {Biay, Sébastien},
  date = {2022-05-20T08:19:24Z},
  origdate = {2022-04-06T07:34:37Z},
  series = {Éditer La Correspondance de {{Constance}} de {{Salm}} (1767-1845)},
  url = {https://github.com/sbiay/CdS-edition/blob/main/htr/Tester_et_entrainer_un_modele_HTR_avec_Kraken.ipynb},
  keywords = {ressources-projet}
}

@software{biayTextCorrectionPy2022,
  title = {{{textCorrection.py}}},
  author = {Biay, Sébastien and Chiffoleau, Floriane},
  date = {2022-04-06T07:35:10Z},
  origdate = {2022-04-06T07:34:37Z},
  url = {https://github.com/sbiay/CdS-edition/blob/main/htr/py/textCorrection.py},
  keywords = {ressources-projet}
}

@inproceedings{bizais-lilligExperimentationsPourAnalyse2022,
  title = {{{Expérimentations pour l’analyse automatique de sources chinoises anciennes}}},
  booktitle = {Documents Anciens et {{HTR}}},
  author = {Bizais-Lillig, Marie and Vidal-Gorène, Chahan},
  date = {2022-06-24},
  location = {{Paris, École nationale des chartes}}
}

@inproceedings{boschettiEpiSearchRecognisingAncient2022,
  title = {{{EpiSearch}}. {{Recognising Ancient Inscriptions}} in {{Epigraphic Manuscripts}}},
  booktitle = {Documents Anciens et {{HTR}}},
  author = {Boschetti, Federico and Tommasi, Tatiana},
  date = {2022-06-24},
  location = {{Paris, École nationale des chartes}}
}

@online{C06S43129,
  title = {C06/{{S43}}/129},
  url = {https://constance-de-salm.de/archiv/#/document/4325},
  keywords = {sources-cds}
}

@online{C11S92047049,
  title = {C11/S92/047-049},
  url = {https://constance-de-salm.de/archiv/#/document/765},
  urldate = {2022-06-13},
  langid = {ngerman},
  keywords = {main-cds,sources-cds}
}

@inproceedings{campsCremmaLabProjectsTranscription2022,
  title = {{{CremmaLab}} Projects: {{Transcription}} Guidelines and {{HTR}} Models for {{French}} Medieval Manuscripts},
  booktitle = {Documents Anciens et {{HTR}}},
  author = {Camps, Jean-Baptiste and Pinche, Ariane},
  date = {2022-06-23},
  location = {{Paris, École nationale des chartes}}
}

@online{campsSegmOntoGuidelines2021,
  title = {{{SegmOnto Guidelines}}},
  author = {Camps, Jean-Baptiste},
  date = {2021-12-10T19:05:05Z},
  origdate = {2021-01-06T09:58:47Z},
  url = {https://github.com/SegmOnto/Guidelines},
  urldate = {2022-01-07},
  keywords = {autres-ressources}
}

@unpublished{CdS02001330,
  title = {{{CdS/02\_1/001-330~: Correspondance générale, seconde copie, 1\textsuperscript{er} volume, 1785-1814}}},
  url = {https://constance-de-salm.de/archiv/#/document/11215},
  urldate = {2022-04-11},
  langid = {french},
  keywords = {sources-cds}
}

@unpublished{CdS02001334,
  title = {{{CdS/02\_3/001-334~: Correspondance générale, seconde copie, 3\textsuperscript{e} volume, 1822-1828}}},
  url = {https://constance-de-salm.de/archiv/#/document/11217},
  urldate = {2022-04-12},
  langid = {french},
  keywords = {sources-cds}
}

@unpublished{CdS02001369,
  title = {{{CdS/02\_2/001-369~: Correspondance générale, seconde copie, 2\textsuperscript{e} volume,  1815-1821}}},
  url = {https://constance-de-salm.de/archiv/#/document/11216},
  urldate = {2022-04-11},
  langid = {french},
  keywords = {sources-cds}
}

@online{CdS02031032,
  title = {CdS/02\_1/031-032},
  url = {https://constance-de-salm.de/archiv/#/document/8440},
  urldate = {2022-06-13},
  langid = {ngerman},
  keywords = {sources-cds}
}

@online{CdS02045046,
  title = {CdS/02\_2/045-046},
  url = {https://constance-de-salm.de/archiv/#/document/8851},
  urldate = {2022-07-28},
  langid = {ngerman},
  keywords = {sources-cds}
}

@online{CdS02056,
  title = {{{CdS}}/02\_3/056},
  url = {https://constance-de-salm.de/archiv/#/document/8885},
  keywords = {sources-cds}
}

@online{CdS02056057,
  title = {CdS/02\_3/056-057},
  url = {https://constance-de-salm.de/archiv/#/document/8886},
  urldate = {2022-06-21},
  langid = {ngerman},
  keywords = {sources-cds}
}

@online{CdS02057058,
  title = {{{CdS}}/02\_3/057-058},
  url = {https://constance-de-salm.de/archiv/#/document/8887},
  keywords = {sources-cds}
}

@online{CdS02058059,
  title = {{{CdS}}/02\_3/058-059},
  url = {https://constance-de-salm.de/archiv/#/document/8888},
  keywords = {sources-cds}
}

@online{CdS02059,
  title = {{{CdS}}/02\_3/059},
  url = {https://constance-de-salm.de/archiv/#/document/8889},
  keywords = {sources-cds}
}

@online{CdS02070071,
  title = {{{CdS}}/02\_3/070-071},
  url = {https://constance-de-salm.de/archiv/#/document/8907},
  keywords = {sources-cds}
}

@online{CdS02072,
  title = {{{CdS}}/02\_3/072},
  url = {https://constance-de-salm.de/archiv/#/document/8909},
  keywords = {sources-cds}
}

@online{CdS02073,
  title = {{{CdS}}/02\_2/073},
  url = {https://constance-de-salm.de/archiv/#/document/8855},
  keywords = {sources-cds}
}

@online{CdS19036037,
  title = {{{CdS}}/19/036-037},
  url = {https://constance-de-salm.de/archiv/#/document/10504},
  keywords = {sources-cds}
}

@online{CdS19036037a,
  title = {CdS/19/036-037},
  url = {https://constance-de-salm.de/archiv/},
  urldate = {2022-06-21},
  langid = {ngerman},
  keywords = {sources-cds}
}

@online{CdS19054056,
  title = {CdS/19/054-056},
  url = {https://constance-de-salm.de/archiv/#/document/10517},
  urldate = {2022-06-21},
  langid = {ngerman},
  keywords = {sources-cds}
}

@online{CdS67022030,
  title = {CdS/67/022-030},
  url = {https://constance-de-salm.de/archiv/#/document/3814},
  urldate = {2022-06-13},
  langid = {ngerman},
  keywords = {main-cds,sources-cds}
}

@online{chagueCreationModelesTranscription,
  title = {Création de modèles de transcription pour le projet LECTAUREP \#1},
  author = {Chagué, Alix},
  url = {https://lectaurep.hypotheses.org/475},
  urldate = {2022-04-05},
  abstract = {Quand on se lance dans une campagne de transcription reposant sur la reconnaissance d’écritures manuscrites, on passe généralement par une série de questions qui sont les mêmes d’un projet à l’autre. Parmi ces questions, il y a celle des modèles de transcription et de leur rapport à la variation des écritures. Doit-on entraîner un modèle … Continuer la lecture de «~Création de modèles de transcription pour le projet LECTAUREP \#1~»},
  langid = {french},
  organization = {{Lectaurep : l'intelligence artificielle appliquée aux archives notariales}}
}

@online{chagueCreationModelesTranscriptiona,
  title = {{{Création de modèles de transcription pour le projet LECTAUREP \#2}}},
  author = {Chagué, Alix},
  url = {https://lectaurep.hypotheses.org/488},
  urldate = {2022-04-05},
  abstract = {Dans le précédent billet, nous vous expliquions quelles avaient été nos premières pistes pour la création de modèles de transcription applicables aux données du projet LECTAUREP. En essayant d’entraîner un modèle pour chaque famille d’écriture identifiée, nous nous retrouvions à devoir effectuer beaucoup de saisie pour des modèles finalement peu efficaces. Lorsque nous fusionnions toutes … Continuer la lecture de «~Création de modèles de transcription pour le projet LECTAUREP \#2~»},
  langid = {french},
  organization = {{Lectaurep~: l'intelligence artificielle appliquée aux archives notariales}}
}

@online{chagueDocumentsAdministratifsXIXe2021,
  title = {{{[Documents administratifs, XIXe s.]}}},
  author = {Chagué, Alix},
  date = {2021-12-10T19:05:05Z},
  origdate = {2021-01-06T09:58:47Z},
  url = {https://github.com/SegmOnto/examples/tree/main/sources/administratif_XIXe},
  urldate = {2022-04-07},
  organization = {{SegmOnto}},
  keywords = {autres-ressources}
}

@inproceedings{chagueHTRUnitedMutualisonsVerite2021,
  title = {{{HTR-United~: mutualisons la vérité de terrain~!}}},
  shorttitle = {{{HTR-United}}},
  booktitle = {{{DHNord2021}} - {{Publier}}, Partager, Réutiliser Les Données de La Recherche~: Les {\emph{Data Papers}} et Leurs Enjeux},
  author = {Chagué, Alix and Clérice, Thibault and Romary, Laurent},
  date = {2021-11},
  publisher = {{MESHS}},
  location = {{Lille}},
  url = {https://hal.archives-ouvertes.fr/hal-03398740},
  urldate = {2022-06-15}
}

@inproceedings{chagueSharingHTRDatasets2022,
  title = {Sharing {{HTR}} Datasets with Standardized Metadata: The {{HTR}}‑{{United}} Initiative},
  booktitle = {Documents Anciens et {{HTR}}},
  author = {Chagué, Alix and Clérice, Thibault},
  date = {2022-06-24},
  location = {{Paris, École nationale des chartes}}
}

@online{chiffoleauCorrespondanceLangueFrancaise2021,
  title = {{{[Correspondance en langue française, XXe s.]}}},
  author = {Chiffoleau, Floriane},
  date = {2021-12-10T19:05:05Z},
  origdate = {2021-01-06T09:58:47Z},
  url = {https://github.com/SegmOnto/examples/tree/main/sources/lettre_fr_XXe},
  urldate = {2022-04-07},
  organization = {{SegmOnto}},
  keywords = {autres-ressources}
}

@online{chiffoleauCorrespondenceGuidelines2022,
  title = {Correspondence~: {{Guidelines}}},
  shorttitle = {{{DAHN Project}}},
  author = {Chiffoleau, Floriane},
  date = {2022-01-10T16:21:32Z},
  origdate = {2020-04-02T09:50:08Z},
  url = {https://github.com/FloChiff/DAHNProject/blob/master/Correspondence/Guidelines/Documentation-Correspondance.pdf},
  urldate = {2022-04-07},
  abstract = {Project DAHN "Digital Edition of historical manuscripts (correspondences)"},
  organization = {{DAHN Project}},
  keywords = {autres-ressources}
}

@online{chiffoleauDAHNProject,
  title = {{{DAHN Project}}},
  author = {Chiffoleau, Floriane},
  url = {https://github.com/FloChiff/DAHNProject},
  urldate = {2022-04-05},
  abstract = {Project DAHN "Digital Edition of historical manuscripts (correspondences)" - DAHNProject/encoding\_files.py at master · FloChiff/DAHNProject},
  langid = {english},
  organization = {{GitHub}},
  keywords = {autres-ressources}
}

@online{chiffoleauEncodingXMLTree2020,
  type = {Billet},
  title = {Encoding an {{XML Tree}} Model for My Corpus},
  author = {Chiffoleau, Floriane},
  date = {2020-03-25},
  url = {https://digitalintellectuals.hypotheses.org/3360},
  urldate = {2022-07-25},
  abstract = {I work on a project called “Digital edition of historical manuscripts” which aims to diffuse on a public platform multiple corpora that all have one thing in common: they are ego documents, which refer to personal writings, memoirs, correspondence and documents alike. My job, personally, is focused on one corpus,...},
  langid = {american},
  organization = {{Digital Intellectuals}},
  keywords = {autres-ressources}
}

@online{chiffoleauFewTipsReading,
  title = {Few Tips for Reading the Text Files},
  author = {Chiffoleau, Floriane},
  url = {https://github.com/FloChiff/DAHNProject/tree/master/Project%20development/Texts},
  urldate = {2022-04-11},
  abstract = {Project DAHN "Digital Edition of historical manuscripts (correspondences)" - DAHNProject/Project development/Texts at master · FloChiff/DAHNProject},
  langid = {english},
  organization = {{DAHN Project}},
  keywords = {autres-ressources}
}

@software{chiffoleauGuideEncodagePour2022,
  title = {{{Guide d'encodage pour l'édition numérique d'égodocuments}}},
  shorttitle = {Guide d'encodage {{DAHN}}},
  author = {Chiffoleau, Floriane},
  date = {2022-06-22T08:46:18Z},
  origdate = {2020-04-02T09:50:08Z},
  series = {{{DAHN Project}}},
  url = {https://github.com/FloChiff/DAHNProject/blob/master/Correspondence/Guidelines/Documentation-Correspondance.xml},
  urldate = {2022-07-28},
  keywords = {autres-ressources}
}

@online{chiffoleauHowPostOCRCorrection2022,
  title = {How to Do a Post-{{OCR}} Correction for {{TEXT}} Files},
  author = {Chiffoleau, Floriane},
  date = {2022-04-08T13:52:14Z},
  origdate = {2020-04-02T09:50:08Z},
  url = {https://github.com/FloChiff/DAHNProject/blob/master/Project%20development/Documentation/Post-OCR%20correction%20for%20TEXT%20files.md},
  urldate = {2022-04-11},
  abstract = {Project DAHN "Digital Edition of historical manuscripts (correspondences)"},
  organization = {{DAHN Project}},
  keywords = {autres-ressources}
}

@software{christensenAltoTei2022,
  title = {Alto 2 {{Tei}}},
  author = {Christensen, Kelly and Gabay, Simon and Pinche, Ariane},
  date = {2022-05-06T08:02:31Z},
  origdate = {2022-05-06T07:15:20Z},
  url = {https://github.com/kat-kel/alto2tei},
  urldate = {2022-07-25},
  abstract = {Transformation of ALTO 4 to TEI P5},
  keywords = {autres-ressources}
}

@software{christensenBodyBuildPy2022,
  title = {{{body\_build.py}}},
  author = {Christensen, Kelly},
  date = {2022-05-06T08:02:31Z},
  origdate = {2022-05-06T07:15:20Z},
  url = {https://github.com/kat-kel/alto2tei/blob/main/src/body_build.py},
  urldate = {2022-07-27},
  abstract = {Transformation of ALTO 4 to TEI P5},
  keywords = {autres-ressources}
}

@inproceedings{christensenPresentationGallicOrpor2022,
  title = {Présentation de {{Gallic}}(Orpor)a},
  booktitle = {Présentation Des Projets {{AGODA}} ({{Analyse}} Sémantique et {{Graphes}} Relationnels Pour l’{{Ouverture}} et l’étude Des {{Débats}} à l’{{Assemblée}} Nationale) et {{Gallic}}(Orpor)a Au {{BnF DataLab}}},
  author = {Christensen, Kelly and Gabay, Simon and Pinche, Ariane},
  date = {2022-06-17},
  location = {{Paris, BnF, site François-Mitterrand}}
}

@software{clericeHTRUCHTRUnitedCatalog2021,
  title = {{{HTRUC}}, {{HTR-United Catalog}} Tooling (Pronunced {{EuchTruc}})},
  author = {Clérice, Thibault},
  date = {2021-11},
  origdate = {2021-09-23T12:24:18Z},
  url = {https://github.com/HTR-United/HTRUC},
  urldate = {2022-05-20},
  abstract = {HTR-United Catalog tooling (pronunced EuchTruc)},
  version = {0.0.1},
  keywords = {autres-ressources}
}

@article{clericeYouActuallyLook,
  title = {You {{Actually Look Twice At}} It ({{YALTAi}}): Using an Object Detection Approach Instead of Region Segmentation within the {{Kraken}} Engine},
  author = {Clérice, Thibault},
  journaltitle = {Journal of Data Mining and Digital Humanities},
  volume = {à paraître}
}

@inproceedings{constumReconnaissanceExtractionInformations2022,
  title = {{{Reconnaissance et extraction d’informations dans des tableaux manuscrits historiques : vers une compréhension des recensements de Paris de l’entre‑deux guerre}}},
  booktitle = {Documents Anciens et {{HTR}}},
  author = {Constum, Thomas},
  date = {2022-06-24},
  location = {{Paris, École nationale des chartes}}
}

@online{CorrespondanceConstanceSalm2022,
  title = {{{La correspondance de Constance de Salm (1767-1845). Inventaire du fonds Salm de la Société des Amis du Vieux Toulon et de sa Région et du fonds Constance de Salm, Archiv Schloss Dyck (Mitgliedsarchiv der Vereinigten Adelsarchive im Rheinland e.V.). Édition numérique}}},
  shorttitle = {La Correspondance de {{Constance}} de {{Salm}}},
  date = {2022-04-01T10:39:39Z},
  origdate = {2021-05-04T13:36:09Z},
  url = {https://constance-de-salm.de},
  urldate = {2022-04-11},
  keywords = {ressources-projet}
}

@online{CorrespSearchSearchScholarly2021,
  title = {{{correspSearch}}: {{Search}} Scholarly Editions of Letters},
  date = {2021},
  publisher = {{re3data.org - Registry of Research Data Repositories}},
  url = {https://correspsearch.net/en/home.html},
  urldate = {2022-07-29},
  abstract = {The web service correspSearch aggregates metadata of letters from printed and digital scholarly editions and publications. It offers the aggregated correspondence metadata both via a feature-rich interface and via an API. The letter metadata are provided by scholarly projects of different institutions in a standardised, TEI-XML-based exchange format and and by using IDs from authority files (GeoNames, GND, VIAF etc.). The web service itself does not set a spatial or temporal collection focus. Currently, the time frame of the aggregated correspondence data ranges from 1500 to the 20th century.},
  langid = {english},
  keywords = {autres-ressources}
}

@inproceedings{cuellarModeleOuvertPour2022,
  title = {{{Un modèle ouvert pour la reconnaissance automatique des manuscrits du théâtre espagnol du Siècle d’Or}}},
  booktitle = {Documents Anciens et {{HTR}}},
  author = {Cuéllar, Álvaro},
  date = {2022-06-23},
  location = {{Paris, École nationale des chartes}}
}

@online{DockerInstallInstallation,
  title = {Docker Install [Installation d'{{eScriptorium}}]},
  url = {https://gitlab.com/scripta/escriptorium/-/wikis/docker-install},
  urldate = {2022-06-15},
  abstract = {A project providing digital recognition of handwritten documents using machine learning techniques.},
  langid = {english},
  organization = {{GitLab}},
  keywords = {autres-ressources}
}

@online{DocumentsAnciensReconnaissance,
  title = {{{Documents anciens et reconnaissance automatique des écritures manuscrites (HTR){\emph{, colloque, 23 et 24 juin 2022, École nationale des chartes, Paris}}}}},
  shorttitle = {Documents Anciens et {{HTR}}},
  url = {https://cremmalab.hypotheses.org/colloque-htr-programme},
  urldate = {2022-05-03},
  organization = {{programme et résumés}}
}

@online{dumontEncodingCorrespondenceManual2019,
  title = {Encoding {{Correspondence}}. {{A Manual}} for Encoding Letters and Postcards in {{TEI-XML}} and {{DTABf}}},
  shorttitle = {Encoding {{Correspondence}}},
  author = {Dumont, Stefan and Haaf, Susanne and Seifert, Sabine},
  date = {2019/2020},
  url = {https://encoding-correspondence.bbaw.de/v1/index.html},
  urldate = {2022-07-25},
  keywords = {autres-ressources}
}

@online{EScriptorium,
  title = {{{eScriptorium}}},
  url = {https://escriptorium.fr/},
  urldate = {2022-06-10},
  keywords = {autres-ressources}
}

@inproceedings{fizaineLettresLumieres2022a,
  title = {{{Lettres en lumières}}},
  booktitle = {Documents Anciens et {{HTR}}},
  author = {Fizaine, Florian and Bouyé, Édouard},
  date = {2022-06-24},
  location = {{Paris, École nationale des chartes}}
}

@online{Frantext,
  title = {Frantext},
  url = {https://www.frantext.fr/},
  urldate = {2022-06-22},
  keywords = {autres-ressources}
}

@inproceedings{gabayFoNDUELightweightHTR2022,
  title = {{{FoNDUE}} - {{A Lightweight HTR Infrastructure}} for {{Geneva}}},
  booktitle = {Documents Anciens et {{HTR}}},
  author = {Gabay, Simon and Künzli, Pierre},
  date = {2022-06-24},
  location = {{Paris, École nationale des chartes}}
}

@inproceedings{gabaySegmOntoCommonVocabulary2021,
  title = {{{SegmOnto}}: Common Vocabulary and Practices for Analysing the Layout of Manuscripts (and More)},
  shorttitle = {{{SegmOnto}}},
  booktitle = {1{\textsuperscript{st}} {{International Workshop}} on {{Computational Paleography}}},
  author = {Gabay, Simon and Camps, Jean-Baptiste and Pinche, Ariane and Jahan, Claire},
  date = {2021-09},
  location = {{Lausanne}},
  url = {https://hal.archives-ouvertes.fr/hal-03336528},
  urldate = {2022-04-20}
}

@inproceedings{gabaySegmOntoControlledVocabulary2022,
  title = {{{SegmOnto}}\,– {{A Controlled Vocabulary}} to {{Describe Historical Textual Sources}}},
  booktitle = {Documents Anciens et {{HTR}}},
  author = {Gabay, Simon and Pinche, Ariane and Christensen, Kelly},
  date = {2022-06-23},
  location = {{Paris, École nationale des chartes}}
}

@inproceedings{gabaySegmOntoVocabulaireControle2021,
  title = {{{SegmOnto~: un vocabulaire contrôlé pour décrire la page manuscrite et imprimée}}},
  booktitle = {Création de Modèle(s) {{HTR}} Pour Les Documents Médiévaux En Ancien Français et Moyen Français Entre Le {{Xe-XIVe}} Siècle},
  author = {Gabay, Simon and Camps, Jean-Baptiste and Pinche, Ariane},
  date = {2021-11},
  publisher = {{Ecole nationale des chartes | PSL}},
  location = {{Paris, France}},
  url = {https://hal.archives-ouvertes.fr/hal-03481089},
  urldate = {2022-05-24}
}

@book{guyotjeanninDiplomatiqueMedievale2006,
  title = {{{Diplomatique médiévale}}},
  author = {Guyotjeannin, Olivier and Pycke, Jacques and Tock, Benoît-Michel},
  date = {2006},
  series = {L'atelier du médiéviste},
  edition = {1993},
  number = {2},
  publisher = {{Brepols}},
  location = {{Turnhout}},
  langid = {fre lat}
}

@online{HTRUnited,
  title = {{{HTR-United}}},
  url = {https://htr-united.github.io/},
  urldate = {2022-05-05},
  abstract = {HTR-United is a Github organization without any other form of legal personality. It aims at gathering HTR/OCR models for and transcriptions of all periods and style of writing, mostly but not exclusively in French. It was born from the mere necessity -for projects- to possess potentiel ground truth to rapidly train models on smaller corpora.},
  keywords = {autres-ressources}
}

@online{jacquotTranskribusEScriptoriumTranscrire,
  type = {Billet},
  title = {{{Transkribus / eScriptorium : transcrire, annoter et éditer numériquement des documents d’archives, ateliers à la BnF}}},
  shorttitle = {Transkribus / eScriptorium},
  author = {Jacquot, Olivier},
  url = {https://bnf.hypotheses.org/12575},
  urldate = {2022-05-10},
  abstract = {L’initiative Digit\_Hum et le BnF Datalab organisent les 9 et 10 mai prochain une journée de présentation et d’échange entre les plateformes Transkribus et eScriptorium, suivie d’une journée d’ateliers de mise en pratique. Ces plateformes, utilisées par de plus en plus de projets à travers le monde, ont pour but de fournir un ensemble d’outils … Continuer la lecture de Transkribus / eScriptorium : Transcrire, annoter et éditer numériquement des documents d’archives, ateliers à la BnF  →},
  langid = {french},
  organization = {{Carnet de la recherche à la Bibliothèque nationale de France}}
}

@software{jolivetAlto2tei2022,
  title = {Alto2tei},
  author = {Jolivet, Vincent},
  date = {2022-05-12T12:39:49Z},
  origdate = {2022-05-03T18:23:37Z},
  url = {https://github.com/chartes/alto2tei},
  urldate = {2022-07-25},
  abstract = {Command line program to convert ALTO files to XML/TEI.},
  organization = {{École nationale des chartes}},
  keywords = {autres-ressources}
}

@unpublished{kiesslingBADAMPublicDataset2019,
  title = {{{BADAM}}: {{A Public Dataset}} for {{Baseline Detection}} in {{Arabic-script Manuscripts}}},
  shorttitle = {{{BADAM}}},
  author = {Kiessling, Benjamin and Stökl Ben Ezra, Daniel and Miller, Matthew Thomas},
  date = {2019-07},
  url = {https://hal.archives-ouvertes.fr/hal-02167164},
  urldate = {2022-05-24},
  abstract = {The application of handwritten text recognition to historical works is highly dependant on accurate text line retrieval. A number of systems utilizing a robust baseline detection paradigm have emerged recently but the advancement of layout analysis methods for challenging scripts is held back by the lack of well-established datasets including works in non-Latin scripts. We present a dataset of 400 annotated document images from different domains and time periods. A short elaboration on the particular challenges posed by handwriting in Arabic script for layout analysis and subsequent processing steps is given. Lastly, we propose a method based on a fully convolutional encoder-decoder network to extract arbitrarily shaped text line images from manuscripts.}
}

@inproceedings{kiesslingNewDevelopmentsKraken2022,
  title = {New {{Developments}} in {{Kraken}} and {{eScriptorium}}},
  booktitle = {Documents Anciens et {{HTR}}},
  author = {Kiessling, Benjamin and Stokes, Peter A.},
  date = {2022-06-23},
  location = {{Paris, École nationale des chartes}}
}

@online{KrakenDocumentation,
  title = {Kraken~[Documentation]},
  url = {https://kraken.re/master/index.html},
  urldate = {2022-04-28},
  langid = {english},
  organization = {{Kraken}},
  keywords = {autres-ressources}
}

@online{KrakenModelsTranscription,
  title = {Kraken {{Models}}~: {{Transcription Models}}},
  url = {https://gitlab.inria.fr/dh-projects/kraken-models/-/tree/master/transcription%20models},
  urldate = {2022-04-28},
  abstract = {A collection of Kraken models trained by ALMAnaCH for transcription and segmentation tasks.},
  langid = {english},
  organization = {{GitLab Inria}},
  keywords = {autres-ressources}
}

@inproceedings{leblancTranskribusEScriptoriumRetour2022,
  title = {{{De Transkribus à eScriptorium : retour(s) d’expérience sur l’usage d’outils d’HTR appliqués à un corpus d’imprimés espagnols du XIXe siècle}}},
  booktitle = {Documents Anciens et {{HTR}}},
  author = {Leblanc, Élina and Jacsont, Pauline},
  date = {2022-06-23},
  location = {{Paris, École nationale des chartes}}
}

@incollection{leidenConvention,
  title = {Leiden {{Conventions}}},
  booktitle = {Wikipedia},
  date = {2021-02-03T15:19:14Z},
  url = {https://en.wikipedia.org/w/index.php?title=Leiden_Conventions&oldid=1004624327},
  urldate = {2022-05-05},
  langid = {english},
  keywords = {autres-ressources}
}

@inproceedings{marguin-hamonDiscoursOuverturePresentation2022,
  title = {{{Discours d'ouverture et présentation des projets CREMMA et CREMMALAB}}},
  booktitle = {Documents Anciens et {{HTR}}},
  author = {Marguin-Hamon, Elsa},
  date = {2022-06-23},
  location = {{Paris, École nationale des chartes}}
}

@inproceedings{paraskeviHTRHandwrittenPaleographic2022,
  title = {{{HTR}} of {{Handwritten Paleographic Greek Text}} as a {{Function}} of {{Chronology}}},
  booktitle = {Documents Anciens et {{HTR}}},
  author = {Paraskevi, Platanou},
  date = {2022-06-24},
  location = {{Paris, École nationale des chartes}}
}

@inproceedings{paupeCursiveXVIIeSiecle2022,
  title = {{{Une cursive du XVIIe siècle}}},
  booktitle = {Documents Anciens et {{HTR}}},
  author = {Paupe, Élodie},
  date = {2022}
}

@online{perreauxProjetENDPNotreDame,
  type = {Billet},
  title = {{{Projet e-NDP – Notre-Dame de Paris et son cloître : archives des séances du séminaire}}},
  shorttitle = {Projet e-NDP – Notre-Dame de Paris et son cloître},
  author = {Perreaux, Nicolas},
  url = {https://lamop.hypotheses.org/6870},
  urldate = {2022-06-15},
  abstract = {Vous trouverez ici les diaporamas et les enregistrements des interventions pour les séances du séminaire du projet ANR e-NDP – Notre-Dame de Paris et son cloître. La page sera alimentée au fil des ateliers....},
  langid = {french},
  organization = {{Les carnets du LaMOP}}
}

@online{peyronnet-drydenSalonVirtuelInventaire2012,
  type = {Billet},
  title = {{{Un “salon virtuel”~: inventaire de la correspondance de Constance de Salm}}},
  author = {de Peyronnet-Dryden, Florence},
  date = {2012-06-05},
  url = {https://dhiha.hypotheses.org/572},
  urldate = {2022-07-29},
  abstract = {Un groupe de recherche de l’IHA est actuellement en train de procéder à l’inventaire de la correspondance de Constance de Salm. L’objectif de ce projet est de réaliser une base de données accessible au...},
  langid = {french},
  organization = {{Digital Humanities à l'Institut historique allemand}},
  keywords = {ressources-projet}
}

@online{peyronnetdrydenInventarKorrespondenzConstance2021,
  title = {Inventar Der {{Korrespondenz}} Der {{Constance}} de {{Salm}} (1767-1845)},
  author = {de Peyronnet-Dryden, Florence and Coester, Christiane and Dade, Eva and Knels, Eva and Schneider, Hannah and Breihofer, Sabine and Habersack, Alice},
  date = {2021-11-17},
  url = {https://zenodo.org/record/5707822},
  urldate = {2022-07-27},
  keywords = {ressources-projet}
}

@inproceedings{pincheHTRPresentationProblematiques2021,
  title = {{{L'HTR : présentation des problématiques qui s'ouvrent au chercheur, entre particularité du document et généralisation du modèle}}},
  booktitle = {Conduite et Réalisation d'un Projet Informatique{\emph{, Cours de Master}}},
  author = {Pinche, Ariane},
  date = {2021-10-26},
  location = {{Paris, École nationale des chartes}}
}

@online{pincheSeminaireCreationModele2021,
  title = {{{Séminaire "Création de modèle(s) HTR pour les documents médiévaux en ancien français et moyen français entre le Xe-XIVe siècle"~: compte-rendu de la séance n\textsuperscript{o}~1}}},
  shorttitle = {Création de modèles HTR~: séance n\textsuperscript{o} 1},
  author = {Pinche, Ariane},
  date = {2021},
  url = {https://cremmalab.hypotheses.org/seminaire-creation-de-modeles-htr/compte-rendu-de-la-seance-n1},
  urldate = {2022-05-05},
  abstract = {L’HTR (handwritten text recognition)~: présentation des problématiques qui s’ouvrent au chercheur, entre particularité du document et généralisation du modèle.Mardi 12 octobre — 16 h-18 h~ En présence de Jean-Baptiste Camps, Camille Carnaille, Floriane Chiffoleau, Prunelle Deleville, Lucien Dugaz, Frédéric Duval, Simon Gabay, Lucence Ing, Vincent Jolivet, Marco Maulu, Nicolas Perreaux, Ariane Pinche, Anne Rochebouet, Aurélia […]},
  langid = {french},
  organization = {{CREMMALAB}}
}

@online{pincheSeminaireCreationModele2021a,
  title = {{{Séminaire "Création de modèle(s) HTR pour les documents médiévaux en ancien français et moyen français entre le Xe-XIVe siècle" : compte-rendu de la séance n\textsuperscript{o} 2}}},
  shorttitle = {Création de modèles HTR : séance n\textsuperscript{o} 2},
  author = {Pinche, Ariane},
  date = {2021},
  url = {https://cremmalab.hypotheses.org/seminaire-creation-de-modeles-htr/compte-rendu-de-la-seance-n-2},
  urldate = {2022-05-05},
  abstract = {Segmentation~et représentation des signes diacritiques des manuscrits~:~prendre en compte la mise en page du manuscrit, noter les insertions et les informations interlinéaires, représenter les correctionsMardi~9~novembre~— 16~h-18~h~ En présence de~Vera Schwarz-Ricci,~Jean-Baptiste Camps, Prunelle Deleville, Lucien Dugaz, Frédéric Duval, Simon Gabay, Lucence Ing,~Vincent Jolivet,~Marco Maulu, Mariotti Viola, Ariane Pinche, Anne Rochebouet, Aurélia Rostaing, Benedetta Salvati, Peter Stokes, […]},
  langid = {french},
  organization = {{CREMMALAB}}
}

@online{pincheSeminaireCreationModele2021b,
  title = {{{Séminaire "Création de modèle(s) HTR pour les documents médiévaux en ancien français et moyen français entre le Xe-XIVe siècle" : compte-rendu de la séance n\textsuperscript{o} 3}}},
  author = {Pinche, Ariane},
  date = {2021},
  url = {https://cremmalab.hypotheses.org/compte-rendu-seance-3},
  urldate = {2022-06-13},
  abstract = {L’allographie, entre besoins scientifiques et pragmatiques. Comment modéliser et optimiser les données d’entraînement pour l’HTR (I) ? Mardi 14 décembre — 16h-18h En présence de Vera Schwarz-Ricci, Jean-Baptiste Camps, Camille Carnaille, Prunelle Deleville, Lucien Dugaz, Frédéric Duval, Lucence Ing, Vincent Jolivet, Marco Maulu, Viola Mariotti , Ariane Pinche, Anne Rochebouet, Aurélia Rostaing, Benedetta Salvati, Peter […]},
  langid = {french},
  organization = {{CREMMALAB}}
}

@online{ProposProjet,
  title = {À propos du projet},
  url = {https://constance-de-salm.de/fr/a-propos-du-projet/},
  urldate = {2022-07-29},
  langid = {french},
  organization = {{La correspondance de Constance de Salm}},
  keywords = {ressources-projet}
}

@online{robineauComprendreIIIFInteroperabilite2016,
  title = {{{Comprendre IIIF et l’interopérabilité des bibliothèques numériques}}},
  author = {Robineau, Régis},
  date = {2016-11-08},
  url = {https://insula.univ-lille.fr/2016/11/08/comprendre-iiif-interoperabilite-bibliotheques-numeriques/},
  urldate = {2022-07-27},
  langid = {french},
  organization = {{Insula}}
}

@thesis{sakhiSegmentationHeterogeneousDocument2012,
  type = {phdthesis},
  title = {Segmentation of Heterogeneous Document Images : An Approach Based on Machine Learning, Connected Components Analysis, and Texture Analysis},
  shorttitle = {Segmentation of Heterogeneous Document Images},
  author = {Sakhi, Omid Bonakdar},
  date = {2012-12-06},
  institution = {{Université Paris-Est}},
  url = {https://tel.archives-ouvertes.fr/tel-00912566},
  urldate = {2022-05-24},
  abstract = {Document page segmentation is one of the most crucial steps in document image analysis. It ideally aims to explain the full structure of any document page, distinguishing text zones, graphics, photographs, halftones, figures, tables, etc. Although to date, there have been made several attempts of achieving correct page segmentation results, there are still many difficulties. The leader of the project in the framework of which this PhD work has been funded (*) uses a complete processing chain in which page segmentation mistakes are manually corrected by human operators. Aside of the costs it represents, this demands tuning of a large number of parameters; moreover, some segmentation mistakes sometimes escape the vigilance of the operators. Current automated page segmentation methods are well accepted for clean printed documents; but, they often fail to separate regions in handwritten documents when the document layout structure is loosely defined or when side notes are present inside the page. Moreover, tables and advertisements bring additional challenges for region segmentation algorithms. Our method addresses these problems. The method is divided into four parts:1. Unlike most of popular page segmentation methods, we first separate text and graphics components of the page using a boosted decision tree classifier.2. The separated text and graphics components are used among other features to separate columns of text in a two-dimensional conditional random fields framework.3. A text line detection method, based on piecewise projection profiles is then applied to detect text lines with respect to text region boundaries.4. Finally, a new paragraph detection method, which is trained on the common models of paragraphs, is applied on text lines to find paragraphs based on geometric appearance of text lines and their indentations. Our contribution over existing work lies in essence in the use, or adaptation, of algorithms borrowed from machine learning literature, to solve difficult cases. Indeed, we demonstrate a number of improvements : on separating text columns when one is situated very close to the other; on preventing the contents of a cell in a table to be merged with the contents of other adjacent cells; on preventing regions inside a frame to be merged with other text regions around, especially side notes, even when the latter are written using a font similar to that the text body. Quantitative assessment, and comparison of the performances of our method with competitive algorithms using widely acknowledged metrics and evaluation methodologies, is also provided to a large extend.(*) This PhD thesis has been funded by Conseil Général de Seine-Saint-Denis, through the FUI6 project Demat-Factory, lead by Safig SA},
  langid = {english}
}

@inproceedings{schweyerAnalyseReconnaissanceIndexation2022,
  title = {{{Analyse, reconnaissance et indexation des manuscrits cham}}},
  booktitle = {Documents Anciens et {{HTR}}},
  author = {Schweyer, Anne-Valérie and Burie, Jean-Christophe and {Tien Nam Nguyen}},
  date = {2022-06-24},
  location = {{Paris, École nationale des chartes}}
}

@report{souvayCorrespondanceConstanceSalm2021,
  type = {rapport de stage de seconde année de master Humanités numériques et computationnelles},
  title = {{{La correspondance de Constance de Salm (1767-1845)}}},
  author = {Souvay, Hippolyte},
  date = {2021},
  institution = {{École nationale des chartes-Institut historique allemand à Paris}},
  keywords = {ressources-projet}
}

@online{SpaCyIndustrialstrengthNatural,
  title = {{{SpaCy}}~: {{Industrial-strength Natural Language Processing}} in {{Python}}},
  url = {https://spacy.io/},
  urldate = {2022-04-27},
  abstract = {spaCy is a free open-source library for Natural Language Processing in Python. It features NER, POS tagging, dependency parsing, word vectors and more.},
  langid = {english},
  keywords = {autres-ressources}
}

@article{stokesEScriptoriumVREManuscript2021,
  title = {The {{eScriptorium VRE}} for {{Manuscript Cultures}}},
  author = {Stokes, Peter A. and Kiessling, Benjamin and Stökl Ben Ezra, Daniel and Tissot, Robin and El Hassane, Gargem},
  date = {2021-07-29},
  journaltitle = {Classics@ Journal},
  url = {https://classics-at.chs.harvard.edu/classics18-stokes-kiessling-stokl-ben-ezra-tissot-gargem/},
  urldate = {2022-06-15},
  abstract = {Classical scholarship that engages issues of great significance to a wide range of cultural and scholarly concerns},
  langid = {american}
}

@inproceedings{stoklbenezraHTRCriticalEdition2022,
  title = {From {{HTR}} to {{Critical Edition}}: {{A Semi-Automatic Pipeline}}},
  booktitle = {Documents Anciens et {{HTR}}},
  author = {Stökl Ben Ezra, Daniel and Hayim, Lapin and Jablonski, Pavel},
  date = {2022-06-24},
  location = {{Paris, École nationale des chartes}}
}

@inproceedings{stoklbenezraSegmentationModeArchival2022,
  title = {Segmentation {{Mode}} for {{Archival Documents}} with {{Highly Complex Layout}}},
  booktitle = {Documents Anciens et {{HTR}}},
  author = {Stökl Ben Ezra, Daniel and Rustow, Marina and Witty, Deborah},
  date = {2022-06-23},
  location = {{Paris, École nationale des chartes}}
}

@incollection{stutzmannPaleographieStatistiquePour2011,
  title = {{{Paléographie statistique pour décrire, identifier, dater… Normaliser pour coopérer et aller plus loin ?}}},
  shorttitle = {Paléographie statistique pour décrire, identifier, dater…},
  booktitle = {Kodikologie und Paläographie im digitalen Zeitalter 2 - Codicology and Palaeography in the Digital Age 2},
  author = {Stutzmann, Dominique},
  editor = {Fischer, Franz and Fritze, Christiane and Vogeler, Georg},
  date = {2011},
  volume = {3},
  pages = {247--277},
  publisher = {{Books on Demand (BoD)}},
  location = {{Norderstedt}},
  url = {https://kups.ub.uni-koeln.de/4353/},
  urldate = {2022-01-08},
  abstract = {Les initiatives TEI (Text Encoding Initiative) et MUFI (Medieval Unicode Font Initiative) multiplient les potentialités des transcriptions et invitent à interroger le processus même d’une opération pourtant commune dans les études médiévales. Transcrire, c’est décrire un texte et sa mise en forme graphique. Cela ouvre des voies aux études paléographiques, notamment par la description des diverses variantes morphologiques des lettres ou abréviations. Des recherches entreprises sur la production écrite de l’abbaye cistercienne de Fontenay démontrent le potentiel considérable des transcriptions dites « allographétiques » et des statistiques descriptives pour comprendre les évolutions de l’écriture médiévale. La fragmentation du paysage actuel de la recherche amène pourtant à souhaiter une harmonisation des pratiques, tant pour décrire les phénomènes paléographiques que pour structurer les données et formuler des ontologies.},
  isbn = {978-3-8423-5032-8},
  langid = {ngerman}
}

@online{TechniquesFormatsConversion2022,
  title = {{{Techniques et formats de conversion en mode texte}}},
  date = {2022},
  url = {https://www.bnf.fr/fr/techniques-et-formats-de-conversion-en-mode-texte},
  urldate = {2022-06-16},
  abstract = {BnF - Site institutionnel},
  langid = {french},
  organization = {{BnF - Site institutionnel}}
}

@online{TEITextEncoding,
  title = {{{TEI}}~: {{Text Encoding Initiative}}},
  url = {https://tei-c.org/},
  urldate = {2022-06-16},
  keywords = {autres-ressources}
}

@inproceedings{torresaguilarENDPNotreDameParis2022,
  title = {{{e-NDP (Notre-Dame de Paris et son cloître) ~: 26 registres du chapitre de Notre-Dame de Paris datés du 14e-15e en latin (principalement) et français}}},
  booktitle = {Transkribus / eScriptorium : transcrire, annoter et éditer numériquement des documents d’archives, ateliers à la BnF},
  author = {Torres Aguilar, Sergio},
  date = {2022-05-09},
  location = {{Paris, BnF, site François-Mitterrand}},
  langid = {french}
}

@inproceedings{torresaguilarModelisationAffinageHTR2022,
  title = {{{Modélisation et affinage HTR pour les ms méd. : stratégies et évaluation}}},
  booktitle = {Documents Anciens et {{HTR}}},
  author = {Torres Aguilar, Sergio and Jolivet, Vincent},
  date = {2022-06-23},
  location = {{Paris, École nationale des chartes}}
}

@inproceedings{tufferyRetourExperiencesUtilisation2022,
  title = {{{Retour d’expériences sur l’utilisation comparée de plusieurs de dispositifs de transcription numérique d’archives de fouilles archéologiques}}},
  booktitle = {Documents Anciens et {{HTR}}},
  author = {Tufféry, Christophe},
  date = {2022-06-24},
  location = {{Paris, École nationale des chartes}}
}


