
@online{campsSegmOntoGuidelines2021a,
  title = {{{SegmOnto Guidelines}}},
  author = {Camps, Jean-Baptiste},
  date = {2021-12-10T19:05:05Z},
  origdate = {2021-01-06T09:58:47Z},
  url = {https://github.com/SegmOnto/Guidelines},
  urldate = {2022-01-07}
}

@online{chagueCreationModelesTranscription,
  title = {Création de modèles de transcription pour le projet LECTAUREP \#1},
  author = {Chagué, Alix},
  url = {https://lectaurep.hypotheses.org/475},
  urldate = {2022-04-05},
  abstract = {Quand on se lance dans une campagne de transcription reposant sur la reconnaissance d’écritures manuscrites, on passe généralement par une série de questions qui sont les mêmes d’un projet à l’autre. Parmi ces questions, il y a celle des modèles de transcription et de leur rapport à la variation des écritures. Doit-on entraîner un modèle … Continuer la lecture de «~Création de modèles de transcription pour le projet LECTAUREP \#1~»},
  langid = {french},
  organization = {{Lectaurep : l'intelligence artificielle appliquée aux archives notariales}}
}

@online{chagueCreationModelesTranscriptiona,
  title = {Création de modèles de transcription pour le projet LECTAUREP \#2},
  author = {Chagué, Alix},
  url = {https://lectaurep.hypotheses.org/488},
  urldate = {2022-04-05},
  abstract = {Dans le précédent billet, nous vous expliquions quelles avaient été nos premières pistes pour la création de modèles de transcription applicables aux données du projet LECTAUREP. En essayant d’entraîner un modèle pour chaque famille d’écriture identifiée, nous nous retrouvions à devoir effectuer beaucoup de saisie pour des modèles finalement peu efficaces. Lorsque nous fusionnions toutes … Continuer la lecture de «~Création de modèles de transcription pour le projet LECTAUREP \#2~»},
  langid = {french},
  organization = {{Lectaurep~: l'intelligence artificielle appliquée aux archives notariales}}
}

@online{chiffoleauCorrespondanceLangueFrancaise2021,
  title = {[{{Correspondance}} En Langue Française, {{XXe}} s.]},
  author = {Chiffoleau, Floriane},
  date = {2021-12-10T19:05:05Z},
  origdate = {2021-01-06T09:58:47Z},
  url = {https://github.com/SegmOnto/examples/tree/main/sources/lettre_fr_XXe},
  urldate = {2022-04-07},
  organization = {{SegmOnto}}
}

@online{chiffoleauCorrespondenceGuidelines2022,
  title = {Correspondence~: {{Guidelines}}},
  shorttitle = {{{DAHN Project}}},
  author = {Chiffoleau, Floriane},
  date = {2022-01-10T16:21:32Z},
  origdate = {2020-04-02T09:50:08Z},
  url = {https://github.com/FloChiff/DAHNProject/blob/8df8dfc6053a7dd57a6c5510d1e56bb336ce1d04/Correspondence/Guidelines/Documentation-Correspondance.pdf},
  urldate = {2022-04-07},
  abstract = {Project DAHN "Digital Edition of historical manuscripts (correspondences)"}
}

@online{chiffoleauDAHNProject,
  title = {{{DAHNProject}}},
  author = {Chiffoleau, Floriane},
  url = {https://github.com/FloChiff/DAHNProject},
  urldate = {2022-04-05},
  abstract = {Project DAHN "Digital Edition of historical manuscripts (correspondences)" - DAHNProject/encoding\_files.py at master · FloChiff/DAHNProject},
  langid = {english},
  organization = {{GitHub}}
}

@book{combyCorpusTextesComposer2016,
  title = {Corpus de textes~: composer, mesurer, interpréter},
  shorttitle = {Corpus de textes},
  editor = {Comby, Émeline and Mosset, Yannick and de Carrara, Stéphanie},
  options = {useprefix=true},
  date = {2016-12-09},
  series = {Sociétés, Espaces, Temps},
  publisher = {{ENS Éditions}},
  location = {{Lyon}},
  url = {http://books.openedition.org/enseditions/7328},
  urldate = {2022-01-18},
  abstract = {Epistemological, theoretical and methodological questions relating to corpora, especially text corpora, permeate Humanities and Human and Social Sciences. Within this process of reflection, the three essential stages of compiling, analysing and interpreting corpora are separate, even though, in practice, they are interwoven in circulatory mechanisms. What are the theoretical, and also often practical criteria which determine the compilation of a research corpus? What tools and software enable the researcher to make best use of the corpus? How can we differentiate between quantitative and qualitative approaches?In this book, researchers from different fields come together to look at the same topic in different ways: the corpus is sometimes seen as a field of research, sometimes as an area for methodological exploration, and sometimes as an object of theoretical reflection. Thus, the interdisciplinary approach, based on wide-ranging feedback, enables the sharing of reflections, methods and tools (especially through the comparison of the different software available), as part of a joint process of reflection which will be of interest to anyone, either beginner or experienced user, who is involved with corpora.,Les questionnements épistémologiques, théoriques et méthodologiques sur les corpus, notamment de textes, irriguent les humanités et les sciences humaines et sociales. Au sein de cette réflexion, les trois étapes essentielles de la composition, de la mesure et de l’interprétation des corpus sont distinguées même si, en pratique, elles sont imbriquées selon des logiques circulatoires. Quels sont les critères, théoriques mais aussi bien souvent pratiques, qui déterminent la constitution d’un corpus de recherche ? Quels outils et logiciels permettent de l’exploiter au mieux ? Comment arriver à faire la part entre domaine quantitatif et domaine qualitatif ? Dans cet ouvrage, des chercheurs issus de différentes disciplines se côtoient, afin de porter sur le même objet des regards différents : le corpus apparaît tantôt comme terrain de recherche, tantôt comme espace d’exploration méthodologique, tantôt comme objet de réflexions théoriques. L’approche interdisciplinaire, appuyée sur des retours d’expérience variés, permet ainsi de partager réflexions, méthodes et outils (notamment par une comparaison entre les différentes offres logicielles) au sein d’une réflexion commune qui intéressera toute personne confrontée à la notion de corpus, que ce soit en « débutant » ou en « utilisateur confirmé ».},
  isbn = {978-2-84788-829-4},
  langid = {french},
  pagetotal = {192},
  keywords = {Humanités Numériques (HN)}
}

@online{marie-lauremassotcnrs/ensBoiteOutils2021,
  type = {Matériels pédagogiques},
  title = {Boîte à outils},
  author = {Marie-Laure Massot (CNRS/ENS, CAPHÉS) and Agnès Tricoche (CNRS/ENS/EPHE, AOROC)},
  date = {2021-11-29},
  publisher = {{Digit\_Hum, https://digithum.huma-num.fr}},
  url = {https://digithum.huma-num.fr/ressources/boiteaoutils/},
  urldate = {2022-01-18},
  abstract = {Cette enquête de Digit\_Hum a été menée en 2017-2018 sur les acteurs et activités en humanités numériques à l'ENS Paris.},
  langid = {french},
  keywords = {Humanités Numériques (HN)}
}

@unpublished{salmCorrespondanceGeneraleSeconde,
  title = {Correspondance générale, seconde copie, 2ème volume, 1815-1821},
  author = {de Salm, Constance},
  url = {https://constance-de-salm.de/archiv/#/document/11216},
  urldate = {2022-04-11},
  langid = {french}
}

@unpublished{salmCorrespondanceGeneraleSecondea,
  title = {Correspondance générale, seconde copie, 1er volume, 1785-1814},
  author = {de Salm, Constance},
  url = {https://constance-de-salm.de/archiv/#/document/11215},
  urldate = {2022-04-11},
  langid = {french}
}

@report{souvayCorrespondanceConstanceSalm2021,
  type = {rapport de stage de seconde année de master Humanités numériques et computationnelles},
  title = {La Correspondance de {{Constance}} de {{Salm}} (1767-1845)~: Rapport de Stage},
  author = {Souvay, Hippolyte},
  date = {2021},
  institution = {{École nationale des chartes-Institut historique allemand à Paris}}
}


